<?xml version="1.0" encoding="UTF-8"?>
<record xmlns="http://www.loc.gov/MARC21/slim">
   <leader>00935cam a2200241   4500</leader>
   <controlfield tag="001">2747031</controlfield>
   <controlfield tag="003">NjP</controlfield>
   <controlfield tag="005">20171006173345.0</controlfield>
   <controlfield tag="008">860129s1966    iq af    b    000 0 ara c</controlfield>
   <datafield tag="024" ind1="7" ind2=" ">
      <subfield code="a">princeton_aco004785</subfield>
      <subfield code="2">local</subfield>
   </datafield>
   <datafield ind1=" " ind2=" " tag="010">
      <subfield code="a">ne 67000049  </subfield>
   </datafield>
   <datafield ind1=" " ind2=" " tag="035">
      <subfield code="a">(OCoLC)ocm13079051</subfield>
   </datafield>
   <datafield ind1=" " ind2=" " tag="035">
      <subfield code="9">CND8307TS</subfield>
   </datafield>
   <datafield ind1=" " ind2=" " tag="040">
      <subfield code="a">Princeton Univ. Libr.</subfield>
      <subfield code="c">IXA</subfield>
      <subfield code="d">IXA</subfield>
      <subfield code="d">OCL</subfield>
      <subfield code="d">PUL</subfield>
   </datafield>
   <datafield ind1="1" ind2=" " tag="100">
      <subfield code="a">Ḥusaynī, Muḥammad Bāqir.</subfield>
   </datafield>
   <datafield ind1="1" ind2="4" tag="245">
      <subfield code="a">al-ʻUmlah al-Islāmīyah fī al-ʻahd al-Atābakī</subfield>
      <subfield code="c">[taʾlīf] Muḥammad Bāqir al-Ḥusaynī.</subfield>
   </datafield>
   <datafield ind1=" " ind2=" " tag="260">
      <subfield code="a">Bagdād,</subfield>
      <subfield code="b">Maṭbaʻat Dār al-Jāḥiẓ,</subfield>
      <subfield code="c">1966.</subfield>
   </datafield>
   <datafield ind1=" " ind2=" " tag="300">
      <subfield code="a">229 p.</subfield>
      <subfield code="b">illus., plates.</subfield>
      <subfield code="c">25 cm.</subfield>
   </datafield>
   <datafield ind1=" " ind2=" " tag="500">
      <subfield code="a">Risālat al-mājistīr -- Jāmiʻat al-Qāhirah.</subfield>
   </datafield>
   <datafield ind1=" " ind2=" " tag="504">
      <subfield code="a">Bibliography: p. 147-150.</subfield>
   </datafield>
   <datafield ind1=" " ind2="0" tag="650">
      <subfield code="a">Islamic coins.</subfield>
      <subfield code="0">http://id.loc.gov/authorities/subjects/sh85027837</subfield>
   </datafield>
   <datafield ind1=" " ind2="0" tag="650">
      <subfield code="a">Numismatics</subfield>
      <subfield code="z">Iraq.</subfield>
   </datafield>
   <datafield ind1=" " ind2=" " tag="945">
      <subfield code="a">F</subfield>
      <subfield code="b">1</subfield>
      <subfield code="c">2271.40079.392</subfield>
   </datafield>
   <datafield ind1=" " ind2=" " tag="911">
      <subfield code="a">20000130</subfield>
   </datafield>
   <datafield ind1="0" ind2="0" tag="852">
      <subfield code="0">3057720</subfield>
      <subfield code="b">rcppa</subfield>
      <subfield code="t">1</subfield>
      <subfield code="h">CJ3425</subfield>
      <subfield code="i">.H873 1966</subfield>
      <subfield code="x">tr fr nec</subfield>
   </datafield>
   <datafield ind1=" " ind2=" " tag="959">
      <subfield code="a">2009-06-30 11:13:14 -0500</subfield>
   </datafield>
</record>
